@inproceedings{ritchie2005computational,
  title={Computational mechanisms for pun generation},
  author={Ritchie, Graeme},
  booktitle={Proceedings of the 10th European Natural Language Generation Workshop},
  pages={125--132},
  year={2005}
}

@article{kaofunny,
  title={The Funny Thing About Incongruity: A Computational Model of Humor in Puns},
  author={Kao, Justine T and Levy, Roger and Goodman, Noah D}
}

@incollection{stanfordparser,
title = {{Parsing With Compositional Vector Grammars}},
author = {Richard Socher and John Bauer and Christopher D. Manning and Andrew Y. Ng},
booktitle = {{ACL}},
year = {2013}
}

@misc{D3, 
    author = "Mike Bostock",
    title = "Data Driven Documents", 
    month = "March", year = "2014", 
    howpublished = {\url{http://d3js.org/}} 
}

@misc{NLTK, 
    author = "NLTK Project",
    title = "NLTK.org", 
    month = "March", year = "2014", 
    howpublished = {\url{http://www.nltk.org/}} 
}


@ARTICLE{wordnet,
    author = {George A. Miller},
    title = {WordNet: A Lexical Database for English},
    journal = {COMMUNICATIONS OF THE ACM},
    year = {1995},
    volume = {38},
    pages = {39--41}
}


@inproceedings{Stamatatos:2000:TGD:992730.992763,
 author = {Stamatatos, E. and Fakotakis, N. and Kokkinakis, G.},
 title = {Text Genre Detection Using Common Word Frequencies},
 booktitle = {Proceedings of the 18th Conference on Computational Linguistics - Volume 2},
 series = {COLING '00},
 year = {2000},
 location = {Saarbr\&\#252;cken, Germany},
 pages = {808--814},
 numpages = {7},
 url = {http://dx.doi.org/10.3115/992730.992763},
 doi = {10.3115/992730.992763},
 acmid = {992763},
 publisher = {Association for Computational Linguistics},
 address = {Stroudsburg, PA, USA},
} 