@inproceedings{ritchie2005computational,
  title={Computational mechanisms for pun generation},
  author={Ritchie, Graeme},
  booktitle={Proceedings of the 10th European Natural Language Generation Workshop},
  pages={125--132},
  year={2005}
}

@article{kaofunny,
  title={The Funny Thing About Incongruity: A Computational Model of Humor in Puns},
  author={Kao, Justine T and Levy, Roger and Goodman, Noah D}
}

@incollection{stanfordparser,
title = {{Parsing With Compositional Vector Grammars}},
author = {Richard Socher and John Bauer and Christopher D. Manning and Andrew Y. Ng},
booktitle = {{ACL}},
year = {2013}
}

@misc{D3, 
    author = "Mike Bostock",
    title = "Data Driven Documents", 
    month = "March", year = "2014", 
    howpublished = {\url{http://d3js.org/}} 
}

@misc{NLTK, 
    author = "NLTK Project",
    title = "NLTK.org", 
    month = "March", year = "2014", 
    howpublished = {\url{http://www.nltk.org/}} 
}

@misc{neo4j, 
    author = "NLTK Project",
    title = "Neo4J Graph Database", 
    month = "May", year = "2014", 
    howpublished = {\url{http://www.neo4j.org/}} 
}

@misc{graffeine, 
    author = "Julian Browne",
    title = "D3 Neo4J Console", 
    month = "May", year = "2014", 
    howpublished = {\url{https://github.com/julianbrowne/graffeine}} 
}


@ARTICLE{wordnet,
    author = {George A. Miller},
    title = {WordNet: A Lexical Database for English},
    journal = {COMMUNICATIONS OF THE ACM},
    year = {1995},
    volume = {38},
    pages = {39--41}
}


@article {COIN:COIN278,
author = {Mihalcea, Rada and Strapparava, Carlo},
title = {LEARNING TO LAUGH (AUTOMATICALLY): COMPUTATIONAL MODELS FOR HUMOR RECOGNITION},
journal = {Computational Intelligence},
volume = {22},
number = {2},
publisher = {Blackwell Publishing Inc},
issn = {1467-8640},
url = {http://dx.doi.org/10.1111/j.1467-8640.2006.00278.x},
doi = {10.1111/j.1467-8640.2006.00278.x},
pages = {126--142},
keywords = {computational humor, humor recognition, sentiment analysis, one-liners},
year = {2006},
}



@inproceedings{humoristbot,
  added-at = {2008-12-11T00:00:00.000+0100},
  author = {Augello, Agnese and Saccone, Gaetano and Gaglio, Salvatore and Pilato, Giovanni},
  biburl = {http://www.bibsonomy.org/bibtex/24b65eb484ea49e40ff91668c855707be/dblp},
  booktitle = {CISIS},
  date = {2008-12-11},
  description = {dblp},
  ee = {http://dx.doi.org/10.1109/CISIS.2008.117},
  interhash = {90d7e23543bf3bc323b6c35d71eedd5c},
  intrahash = {4b65eb484ea49e40ff91668c855707be},
  keywords = {dblp},
  pages = {703-708},
  timestamp = {2008-12-11T00:00:00.000+0100},
  title = {Humorist Bot: Bringing Computational Humour in a Chat-Bot System.},
  url = {http://dblp.uni-trier.de/db/conf/cisis/cisis2008.html#AugelloSGP08}
}


@inproceedings{Stamatatos:2000:TGD:992730.992763,
 author = {Stamatatos, E. and Fakotakis, N. and Kokkinakis, G.},
 title = {Text Genre Detection Using Common Word Frequencies},
 booktitle = {Proceedings of the 18th Conference on Computational Linguistics - Volume 2},
 series = {COLING '00},
 year = {2000},
 location = {Saarbr\&\#252;cken, Germany},
 pages = {808--814},
 numpages = {7},
 url = {http://dx.doi.org/10.3115/992730.992763},
 doi = {10.3115/992730.992763},
 acmid = {992763},
 publisher = {Association for Computational Linguistics},
 address = {Stroudsburg, PA, USA},
} 