@inproceedings{ritchie2005computational,
  title={Computational mechanisms for pun generation},
  author={Ritchie, Graeme},
  booktitle={Proceedings of the 10th European Natural Language Generation Workshop},
  pages={125--132},
  year={2005}
}

@article{kaofunny,
  title={The Funny Thing About Incongruity: A Computational Model of Humor in Puns},
  author={Kao, Justine T and Levy, Roger and Goodman, Noah D}
}

@inproceedings{stanfordparser,
title={Parsing With Compositional Vector Grammars},
author={Socher, Richard and Bauer, John and Manning, Christopher D and Ng, Andrew Y
Richard Socher, John Bauer, Christopher D. Manning and Andrew Y. Ng. 2013.  Proceedings of ACL 2013

todo: figure out the right way to do this.

}
